<record><leader>00000cas a22000007a 4500</leader><controlfield tag="001">13739085</controlfield><controlfield tag="008">860617d19311961mtuwr ne      0    0eng d</controlfield><datafield ind1=" " ind2=" " tag="010"><subfield code="a">sn 86075224 </subfield></datafield><datafield ind1=" " ind2=" " tag="040"><subfield code="a">MTL</subfield><subfield code="b">eng</subfield><subfield code="c">MTL</subfield><subfield code="d">OCLCQ</subfield></datafield><datafield ind1=" " ind2=" " tag="042"><subfield code="a">msc</subfield></datafield><datafield ind1="0" ind2="4" tag="245"><subfield code="a">The Havre independent.</subfield></datafield><datafield ind1=" " ind2=" " tag="260"><subfield code="a">Havre, Mont. :</subfield><subfield code="b">A.L. Williams, K.C. Abel,</subfield><subfield code="c">-1961.</subfield></datafield><datafield ind1=" " ind2=" " tag="300"><subfield code="a">v. :</subfield><subfield code="b">ill.</subfield></datafield><datafield ind1=" " ind2=" " tag="310"><subfield code="a">Weekly</subfield></datafield><datafield ind1="0" ind2=" " tag="362"><subfield code="a">-v. 30, no. 41 (July 20, 1961).</subfield></datafield><datafield ind1="1" ind2=" " tag="362"><subfield code="a">Began Oct. 29, 1931</subfield><subfield code="z">Cf. Gregory W. Amer. newspapers, 1821-1936.</subfield></datafield><datafield ind1=" " ind2=" " tag="588"><subfield code="a">Description based on: Vol. 28, no. 22 (Feb. 25, 1954).</subfield></datafield><datafield ind1=" " ind2=" " tag="752"><subfield code="a">United States</subfield><subfield code="b">Montana</subfield><subfield code="c">Hill</subfield><subfield code="d">Havre.</subfield></datafield><datafield ind1="0" ind2="4" tag="785"><subfield code="t">Hi-line herald</subfield><subfield code="g">July 27, 1961</subfield><subfield code="w">(DLC)sn 86075225</subfield></datafield><datafield ind1="1" ind2=" " tag="029"><subfield code="a">AU@</subfield><subfield code="b">000023435647</subfield></datafield></record>